@article{ncstate2019,
	title={Automated species-level identification of planktic foraminifera using convolutional neural networks, with comparison to human performance},
	author={Mitra, R and Marchitto, TM and Ge, Q and Zhong, B and Kanakiya, B and Cook, MS and Fehrenbacher, JS and Ortiz, JD and Tripati, A and Lobaton, E},
	journal={Marine Micropaleontology},
	volume={147},
	pages={16--24},
	year={2019},
	publisher={Elsevier}
}
@article{opencvlibrary,
	author = {Bradski, G.},
	citeulike-article-id = {2236121},
	journal = {Dr. Dobb's Journal of Software Tools},
	keywords = {bibtex-import},
	posted-at = {2008-01-15 19:21:54},
	priority = {4},
	title = {{The OpenCV Library}},
	year = {2000}
}